<?xml version="1.0" encoding="UTF-8"?><collection xmlns="http://www.loc.gov/MARC21/slim"><record><leader>00371nam--2200121-i-4500</leader><controlfield tag="001">000032587</controlfield><controlfield tag="002">20161230</controlfield><controlfield tag="005">20161230201039</controlfield><controlfield tag="008">060222s1000------------r-----000-0-eng-d</controlfield><datafield ind1=" " ind2=" " tag="245"><subfield code="a">Methodes d`essai pour la determination de la resistance d`isolants solides</subfield></datafield><datafield ind1=" " ind2=" " tag="260"><subfield code="a">Geneve, Commission Electrotechnique International, 1964. 21p</subfield></datafield><datafield ind1=" " ind2=" " tag="490"><subfield code="a">Publication 167</subfield></datafield><datafield ind1=" " ind2=" " tag="852"><subfield code="a">21938</subfield></datafield></record></collection>